@FOOTNOTE{Note2,key="Note2",note="In addition to the results shown in section \ref {seckdvb}, we perform numerical experiments on the KdVB inverse problem using conjugate-gradient and line search routines (provided by scipy version 1.12.0). In both cases we use the default parameters. For the line search, we use the negative gradient for the descent direction."}
@FOOTNOTE{Note3,key="Note3",note="SBI and QRM do not generally return any sensible gradient, so the specified updates are not technically gradient descent. Attempting a constant step size of $\gamma \sim \protect \mathcal  {O}(1)$ with DAL is unstable for the direct minimization of $\protect \mathcal  {J}^{u}_f$. SBI can often be accelerated using a larger step size."}
@CONTROL{REVTEX42Control}
@CONTROL{apsrev42Control,author="08",editor="1",pages="0",title="0",year="1"}
